@inproceedings{allen20033d,
  title={3D modeling of historic sites using range and image data},
  author={Allen, Peter K and Stamos, Ioannis and Troccoli, Alejandro and Smith, Benjamin and Leordeanu, Marius and Hsu, YC},
  booktitle={2003 IEEE International Conference on Robotics and Automation (Cat. No. 03CH37422)},
  volume={1},
  pages={145--150},
  year={2003},
  organization={IEEE}
}
@article{cowan1988automatic,
  title={Automatic sensor placement from vision task requirements},
  author={Cowan, Cregg K. and Kovesi, Peter D},
  journal={IEEE Transactions on Pattern Analysis and machine intelligence},
  volume={10},
  number={3},
  pages={407--416},
  year={1988},
  publisher={IEEE}
}

@article{chen2004automatic,
  title={Automatic sensor placement for model-based robot vision},
  author={Chen, SY and Li, YF},
  journal={IEEE Transactions on Systems, Man, and Cybernetics, Part B (Cybernetics)},
  volume={34},
  number={1},
  pages={393--408},
  year={2004},
  publisher={IEEE}
}

@inproceedings{papadopoulos1997automatic,
  title={Automatic 3-D digitization using a laser rangefinder with a small field of view},
  author={Papadopoulos-Orfanos, Dimitri and Schmitt, Francis},
  booktitle={Proceedings. International Conference on Recent Advances in 3-D Digital Imaging and Modeling (Cat. No. 97TB100134)},
  pages={60--67},
  year={1997},
  organization={IEEE}
}

@article{kutulakos1995global,
  title={Global surface reconstruction by purposive control of observer motion},
  author={Kutulakos, Kiriakos N and Dyer, Charles R},
  journal={Artificial Intelligence},
  volume={78},
  number={1-2},
  pages={147--177},
  year={1995},
  publisher={Elsevier}
}

@article{maver1993occlusions,
  title={Occlusions as a guide for planning the next view},
  author={Maver, Jasna and Bajcsy, Ruzena},
  journal={IEEE transactions on pattern analysis and machine intelligence},
  volume={15},
  number={5},
  pages={417--433},
  year={1993},
  publisher={IEEE}
}

@article{whaite1997autonomous,
  title={Autonomous exploration: Driven by uncertainty},
  author={Whaite, Peter and Ferrie, Frank P},
  journal={IEEE Transactions on Pattern Analysis and Machine Intelligence},
  volume={19},
  number={3},
  pages={193--205},
  year={1997},
  publisher={IEEE}
}

@article{pito1999solution,
  title={A solution to the next best view problem for automated surface acquisition},
  author={Pito, Richard},
  journal={IEEE Transactions on pattern analysis and machine intelligence},
  volume={21},
  number={10},
  pages={1016--1030},
  year={1999},
  publisher={IEEE}
}

@article{li2005information,
  title={Information entropy-based viewpoint planning for 3-D object reconstruction},
  author={Li, YF and Liu, ZG},
  journal={IEEE Transactions on Robotics},
  volume={21},
  number={3},
  pages={324--337},
  year={2005},
  publisher={IEEE}
}

@inproceedings{zha1997active,
  title={Active modeling of 3-D objects: planning on the next best pose (NBP) for acquiring range images},
  author={Zha, Hongbin and Morooka, Ken'ichi and Hasegawa, Tsutomu and Nagata, Tadashi},
  booktitle={Proceedings. International Conference on Recent Advances in 3-D Digital Imaging and Modeling (Cat. No. 97TB100134)},
  pages={68--75},
  year={1997},
  organization={IEEE}
}

@inproceedings{zhien1996next,
  title={Next best view of range sensor},
  author={Zhien, Yu and Ke, Wang and Rong-Guang, Yang},
  booktitle={Proceedings of the 1996 IEEE IECON. 22nd International Conference on Industrial Electronics, Control, and Instrumentation},
  volume={1},
  pages={185--188},
  year={1996},
  organization={IEEE}
}

@inproceedings{pito1996sensor,
  title={A sensor-based solution to the" next best view" problem},
  author={Pito, Richard},
  booktitle={Proceedings of 13th International Conference on Pattern Recognition},
  volume={1},
  pages={941--945},
  year={1996},
  organization={IEEE}
}

@inproceedings{arbel1999viewpoint,
  title={Viewpoint selection by navigation through entropy maps},
  author={Arbel, Tal and Ferrie, Frank P},
  booktitle={Proceedings of the Seventh IEEE International Conference on Computer Vision},
  volume={1},
  pages={248--254},
  year={1999},
  organization={IEEE}
}

@inproceedings{banta1996autonomous,
  title={Autonomous placement of a range sensor for acquisition of optimal 3-D models},
  author={Banta, Joseph E and Abidi, Mongi A},
  booktitle={Proceedings of the 1996 IEEE IECON. 22nd International Conference on Industrial Electronics, Control, and Instrumentation},
  volume={3},
  pages={1583--1588},
  year={1996},
  organization={IEEE}
}

@article{reed2000constraint,
  title={Constraint-based sensor planning for scene modeling},
  author={Reed, Michael K and Allen, Peter K},
  journal={IEEE Transactions on Pattern Analysis and Machine Intelligence},
  volume={22},
  number={12},
  pages={1460--1467},
  year={2000},
  publisher={IEEE}
}

@inproceedings{marchand1997active,
  title={Active sensor placement for complete scene reconstruction and exploration},
  author={Marchand, Eric and Chaumette, Fran{\c{c}}ois},
  booktitle={Proceedings of International Conference on Robotics and Automation},
  volume={1},
  pages={743--750},
  year={1997},
  organization={IEEE}
}

@article{marchand1999active,
  title={Active vision for complete scene reconstruction and exploration},
  author={Marchand, Eric and Chaumette, Fran{\c{c}}ois},
  journal={IEEE Transactions on Pattern Analysis and Machine Intelligence},
  volume={21},
  number={1},
  pages={65--72},
  year={1999},
  publisher={IEEE}
}

@article{tarabanis1995mvp,
  title={The MVP sensor planning system for robotic vision tasks},
  author={Tarabanis, Konstantinos A and Tsai, Roger Y and Allen, Peter K},
  journal={IEEE Transactions on Robotics and Automation},
  volume={11},
  number={1},
  pages={72--85},
  year={1995},
  publisher={IEEE}
}

@inproceedings{triggs1995automatic,
  title={Automatic camera placement for robot vision tasks},
  author={Triggs, Bill and Laugier, Christian},
  booktitle={Proceedings of 1995 Ieee International Conference on Robotics and Automation},
  volume={2},
  pages={1732--1737},
  year={1995},
  organization={IEEE}
}

@inproceedings{gu1999robust,
  title={A robust approach for sensor placement in automated vision dimensional inspection},
  author={Gu, Xiangrong and Marefat, Michael M and Ciarallo, Frank W},
  booktitle={Proceedings 1999 IEEE International Conference on Robotics and Automation (Cat. No. 99CH36288C)},
  volume={4},
  pages={2602--2607},
  year={1999},
  organization={IEEE}
}

@inproceedings{cowan1989determining,
  title={Determining the camera and light source location for a visual task},
  author={Cowan, Cregg K and Bergman, Aviv},
  booktitle={1989 IEEE International Conference on Robotics and Automation},
  pages={509--510},
  year={1989},
  organization={IEEE Computer Society}
}

@article{tarabanis1995survey,
  title={A survey of sensor planning in computer vision},
  author={Tarabanis, Konstantinos A and Allen, Peter K and Tsai, Roger Y},
  journal={IEEE transactions on Robotics and Automation},
  volume={11},
  number={1},
  pages={86--104},
  year={1995},
  publisher={IEEE}
}

@article{trucco1997model,
  title={Model-based planning of optimal sensor placements for inspection},
  author={Trucco, Emanuele and Umasuthan, Manickam and Wallace, Andrew M and Roberto, Vito},
  journal={IEEE Transactions on Robotics and Automation},
  volume={13},
  number={2},
  pages={182--194},
  year={1997},
  publisher={IEEE}
}

@inproceedings{morooka1999computations,
  title={Computations on a spherical view space for efficient planning of viewpoints in 3-D object modeling},
  author={Morooka, Ken'ichi and Zha, Hongbin and Hasegawa, Tsutomu},
  booktitle={Second International Conference on 3-D Digital Imaging and Modeling (Cat. No. PR00062)},
  pages={138--147},
  year={1999},
  organization={IEEE}
}

@inproceedings{wong1999next,
  title={Next best view system in a 3D object modeling task},
  author={Wong, Laurana M and Dumont, Christophe and Abidi, Mongi A},
  booktitle={Proceedings 1999 IEEE International Symposium on Computational Intelligence in Robotics and Automation. CIRA'99 (Cat. No. 99EX375)},
  pages={306--311},
  year={1999},
  organization={IEEE}
}

@article{agocs1951least,
  title={Least squares residual anomaly determination},
  author={Agocs, WB},
  journal={Geophysics},
  volume={16},
  number={4},
  pages={686--696},
  year={1951},
  publisher={Society of Exploration Geophysicists}
}

@article{krumbein1959sorting,
  title={The" sorting out" of geological variables illustrated by regression analysis of factors controlling beach firmness},
  author={Krumbein, William Christian},
  journal={Journal of Sedimentary Research},
  volume={29},
  number={4},
  pages={575--587},
  year={1959},
  publisher={SEPM Society for Sedimentary Geology}
}

@article{li2003automatic,
  title={Automatic recalibration of an active structured light vision system},
  author={Li, YF and Chen, SY},
  journal={IEEE Transactions on Robotics and Automation},
  volume={19},
  number={2},
  pages={259--268},
  year={2003},
  publisher={IEEE}
}

@inproceedings{reed19973,
  title={3-D modeling from range imagery: An incremental method with a planning component},
  author={Reed, Michael K and Allen, Peter K and Stamos, Ioannis},
  booktitle={Proceedings. International Conference on Recent Advances in 3-D Digital Imaging and Modeling (Cat. No. 97TB100134)},
  pages={76--83},
  year={1997},
  organization={IEEE}
}

@inproceedings{albalate2002perception,
  title={Perception planning for an exploration task of a 3d environment},
  author={Albalate, MT Lozano and Devy, Michel and Miguel, J and Marti, S},
  booktitle={Object recognition supported by user interaction for service robots},
  volume={3},
  pages={704--707},
  year={2002},
  organization={IEEE}
}

@article{scott2003view,
  title={View planning for automated three-dimensional object reconstruction and inspection},
  author={Scott, William R and Roth, Gerhard and Rivest, Jean-Fran{\c{c}}ois},
  journal={ACM Computing Surveys (CSUR)},
  volume={35},
  number={1},
  pages={64--96},
  year={2003},
  publisher={ACM New York, NY, USA}
}

@article{georgiev2004localization,
  title={Localization methods for a mobile robot in urban environments},
  author={Georgiev, Atanas and Allen, Peter K},
  journal={IEEE Transactions on Robotics},
  volume={20},
  number={5},
  pages={851--864},
  year={2004},
  publisher={IEEE}
}